%YAML 1.1
%TAG !u! tag:unity3d.com,2011:
--- !u!1 &7252206706899894632
GameObject:
  m_ObjectHideFlags: 0
  m_CorrespondingSourceObject: {fileID: 0}
  m_PrefabInstance: {fileID: 0}
  m_PrefabAsset: {fileID: 0}
  serializedVersion: 6
  m_Component:
  - component: {fileID: 7252206706899894638}
  - component: {fileID: 24607757887606576}
  - component: {fileID: 7252206706899894635}
  - component: {fileID: 7252206706899894634}
  - component: {fileID: 7252206706899894633}
  - component: {fileID: 7252206706899894624}
  - component: {fileID: 7252206706899894639}
  - component: {fileID: 7252206706899894625}
  - component: {fileID: 7252206706899894626}
  m_Layer: 0
  m_Name: Cavalo Marinho
  m_TagString: cavalo
  m_Icon: {fileID: 0}
  m_NavMeshLayer: 0
  m_StaticEditorFlags: 0
  m_IsActive: 1
--- !u!4 &7252206706899894638
Transform:
  m_ObjectHideFlags: 0
  m_CorrespondingSourceObject: {fileID: 0}
  m_PrefabInstance: {fileID: 0}
  m_PrefabAsset: {fileID: 0}
  m_GameObject: {fileID: 7252206706899894632}
  m_LocalRotation: {x: 0, y: 1, z: 0, w: 0}
  m_LocalPosition: {x: 0, y: 1, z: 0}
  m_LocalScale: {x: 1, y: 1, z: 1}
  m_Children:
  - {fileID: 5980393526717960353}
  m_Father: {fileID: 0}
  m_RootOrder: 0
  m_LocalEulerAnglesHint: {x: 0, y: 180, z: 0}
--- !u!82 &24607757887606576
AudioSource:
  m_ObjectHideFlags: 0
  m_CorrespondingSourceObject: {fileID: 0}
  m_PrefabInstance: {fileID: 0}
  m_PrefabAsset: {fileID: 0}
  m_GameObject: {fileID: 7252206706899894632}
  m_Enabled: 1
  serializedVersion: 4
  OutputAudioMixerGroup: {fileID: 0}
  m_audioClip: {fileID: 0}
  m_PlayOnAwake: 1
  m_Volume: 1
  m_Pitch: 1
  Loop: 0
  Mute: 0
  Spatialize: 0
  SpatializePostEffects: 0
  Priority: 128
  DopplerLevel: 1
  MinDistance: 1
  MaxDistance: 500
  Pan2D: 0
  rolloffMode: 0
  BypassEffects: 0
  BypassListenerEffects: 0
  BypassReverbZones: 0
  rolloffCustomCurve:
    serializedVersion: 2
    m_Curve:
    - serializedVersion: 3
      time: 0
      value: 1
      inSlope: 0
      outSlope: 0
      tangentMode: 0
      weightedMode: 0
      inWeight: 0.33333334
      outWeight: 0.33333334
    - serializedVersion: 3
      time: 1
      value: 0
      inSlope: 0
      outSlope: 0
      tangentMode: 0
      weightedMode: 0
      inWeight: 0.33333334
      outWeight: 0.33333334
    m_PreInfinity: 2
    m_PostInfinity: 2
    m_RotationOrder: 4
  panLevelCustomCurve:
    serializedVersion: 2
    m_Curve:
    - serializedVersion: 3
      time: 0
      value: 0
      inSlope: 0
      outSlope: 0
      tangentMode: 0
      weightedMode: 0
      inWeight: 0.33333334
      outWeight: 0.33333334
    m_PreInfinity: 2
    m_PostInfinity: 2
    m_RotationOrder: 4
  spreadCustomCurve:
    serializedVersion: 2
    m_Curve:
    - serializedVersion: 3
      time: 0
      value: 0
      inSlope: 0
      outSlope: 0
      tangentMode: 0
      weightedMode: 0
      inWeight: 0.33333334
      outWeight: 0.33333334
    m_PreInfinity: 2
    m_PostInfinity: 2
    m_RotationOrder: 4
  reverbZoneMixCustomCurve:
    serializedVersion: 2
    m_Curve:
    - serializedVersion: 3
      time: 0
      value: 1
      inSlope: 0
      outSlope: 0
      tangentMode: 0
      weightedMode: 0
      inWeight: 0.33333334
      outWeight: 0.33333334
    m_PreInfinity: 2
    m_PostInfinity: 2
    m_RotationOrder: 4
--- !u!136 &7252206706899894635
CapsuleCollider:
  m_ObjectHideFlags: 0
  m_CorrespondingSourceObject: {fileID: 0}
  m_PrefabInstance: {fileID: 0}
  m_PrefabAsset: {fileID: 0}
  m_GameObject: {fileID: 7252206706899894632}
  m_Material: {fileID: 0}
  m_IsTrigger: 0
  m_Enabled: 1
  m_Radius: 0.5
  m_Height: 2
  m_Direction: 1
  m_Center: {x: 0, y: 0, z: 0}
--- !u!54 &7252206706899894634
Rigidbody:
  m_ObjectHideFlags: 0
  m_CorrespondingSourceObject: {fileID: 0}
  m_PrefabInstance: {fileID: 0}
  m_PrefabAsset: {fileID: 0}
  m_GameObject: {fileID: 7252206706899894632}
  serializedVersion: 2
  m_Mass: 1
  m_Drag: 0
  m_AngularDrag: 0.05
  m_UseGravity: 1
  m_IsKinematic: 0
  m_Interpolate: 0
  m_Constraints: 112
  m_CollisionDetection: 0
--- !u!114 &7252206706899894633
MonoBehaviour:
  m_ObjectHideFlags: 0
  m_CorrespondingSourceObject: {fileID: 0}
  m_PrefabInstance: {fileID: 0}
  m_PrefabAsset: {fileID: 0}
  m_GameObject: {fileID: 7252206706899894632}
  m_Enabled: 1
  m_EditorHideFlags: 0
  m_Script: {fileID: 11500000, guid: f3adae93561cd994e94aa472acbcd0fd, type: 3}
  m_Name: 
  m_EditorClassIdentifier: 
  speed: 3.26
  circleBorder: 2.5
--- !u!114 &7252206706899894624
MonoBehaviour:
  m_ObjectHideFlags: 0
  m_CorrespondingSourceObject: {fileID: 0}
  m_PrefabInstance: {fileID: 0}
  m_PrefabAsset: {fileID: 0}
  m_GameObject: {fileID: 7252206706899894632}
  m_Enabled: 1
  m_EditorHideFlags: 0
  m_Script: {fileID: 11500000, guid: c3d729353ef0db641a2d56ba3a648f1b, type: 3}
  m_Name: 
  m_EditorClassIdentifier: 
  distance: 2
  distanceBack: 30
  functions: {fileID: 0}
  anim: {fileID: 0}
  clipsHit:
  - {fileID: 8300000, guid: bb30f41effffe74438d2f11b10b50fc4, type: 3}
  - {fileID: 8300000, guid: 00796a6537ef1694b9c7c074a21fd4c1, type: 3}
  - {fileID: 8300000, guid: 5f327a1e88b6b874290aaa0725dbad9c, type: 3}
  clipsMiss:
  - {fileID: 8300000, guid: 5c49feb2250ca964cbf60e4b99a3147f, type: 3}
  - {fileID: 8300000, guid: 7c25884b89adfc84db9e022d9e52f38f, type: 3}
  - {fileID: 8300000, guid: 77464bbe209daeb4e9f0a1423159c137, type: 3}
  source: {fileID: 0}
--- !u!114 &7252206706899894639
MonoBehaviour:
  m_ObjectHideFlags: 0
  m_CorrespondingSourceObject: {fileID: 0}
  m_PrefabInstance: {fileID: 0}
  m_PrefabAsset: {fileID: 0}
  m_GameObject: {fileID: 7252206706899894632}
  m_Enabled: 1
  m_EditorHideFlags: 0
  m_Script: {fileID: 11500000, guid: e975e3fbef1cb1e48b6280a236b15677, type: 3}
  m_Name: 
  m_EditorClassIdentifier: 
  decreasePercent: 0.1
  clipsDamage:
  - {fileID: 8300000, guid: 9b60b6c305dc6ba4394e993dc6b85d4b, type: 3}
  - {fileID: 8300000, guid: 5d1d53e9174971c44b7341978710a8b3, type: 3}
  - {fileID: 8300000, guid: a9883d1d202f6d44c8195f76ae7022e9, type: 3}
  source: {fileID: 0}
  text: {fileID: 0}
--- !u!114 &7252206706899894625
MonoBehaviour:
  m_ObjectHideFlags: 0
  m_CorrespondingSourceObject: {fileID: 0}
  m_PrefabInstance: {fileID: 0}
  m_PrefabAsset: {fileID: 0}
  m_GameObject: {fileID: 7252206706899894632}
  m_Enabled: 1
  m_EditorHideFlags: 0
  m_Script: {fileID: 11500000, guid: 006832070c69a2942ad5534b5c9ad382, type: 3}
  m_Name: 
  m_EditorClassIdentifier: 
--- !u!114 &7252206706899894626
MonoBehaviour:
  m_ObjectHideFlags: 0
  m_CorrespondingSourceObject: {fileID: 0}
  m_PrefabInstance: {fileID: 0}
  m_PrefabAsset: {fileID: 0}
  m_GameObject: {fileID: 7252206706899894632}
  m_Enabled: 1
  m_EditorHideFlags: 0
  m_Script: {fileID: 11500000, guid: 7b7ed1fa3c17d0c4b8530739c48c85b5, type: 3}
  m_Name: 
  m_EditorClassIdentifier: 
  distanceBack: 500
  distance: 10
  clipsUlt:
  - {fileID: 8300000, guid: 544efdb2271934747afeb5088de711d1, type: 3}
  - {fileID: 8300000, guid: 0adad8c653f171949a8f3de4f362de1e, type: 3}
  water: {fileID: 4083415249335522974}
--- !u!1001 &1694502400696023995
PrefabInstance:
  m_ObjectHideFlags: 0
  serializedVersion: 2
  m_Modification:
    m_TransformParent: {fileID: 7252206706899894638}
    m_Modifications:
    - target: {fileID: -927199367670048503, guid: 934bcba17a5a07e468aee6d4b1e5e54b,
        type: 3}
      propertyPath: m_Name
      value: CavaloMarinho
      objectReference: {fileID: 0}
    - target: {fileID: -4216859302048453862, guid: 934bcba17a5a07e468aee6d4b1e5e54b,
        type: 3}
      propertyPath: m_LocalPosition.x
      value: 0
      objectReference: {fileID: 0}
    - target: {fileID: -4216859302048453862, guid: 934bcba17a5a07e468aee6d4b1e5e54b,
        type: 3}
      propertyPath: m_LocalPosition.y
      value: -0.975
      objectReference: {fileID: 0}
    - target: {fileID: -4216859302048453862, guid: 934bcba17a5a07e468aee6d4b1e5e54b,
        type: 3}
      propertyPath: m_LocalPosition.z
      value: 0
      objectReference: {fileID: 0}
    - target: {fileID: -4216859302048453862, guid: 934bcba17a5a07e468aee6d4b1e5e54b,
        type: 3}
      propertyPath: m_LocalRotation.x
      value: 0
      objectReference: {fileID: 0}
    - target: {fileID: -4216859302048453862, guid: 934bcba17a5a07e468aee6d4b1e5e54b,
        type: 3}
      propertyPath: m_LocalRotation.y
      value: 0
      objectReference: {fileID: 0}
    - target: {fileID: -4216859302048453862, guid: 934bcba17a5a07e468aee6d4b1e5e54b,
        type: 3}
      propertyPath: m_LocalRotation.z
      value: 0
      objectReference: {fileID: 0}
    - target: {fileID: -4216859302048453862, guid: 934bcba17a5a07e468aee6d4b1e5e54b,
        type: 3}
      propertyPath: m_LocalRotation.w
      value: 1
      objectReference: {fileID: 0}
    - target: {fileID: -4216859302048453862, guid: 934bcba17a5a07e468aee6d4b1e5e54b,
        type: 3}
      propertyPath: m_RootOrder
      value: 0
      objectReference: {fileID: 0}
    - target: {fileID: -4216859302048453862, guid: 934bcba17a5a07e468aee6d4b1e5e54b,
        type: 3}
      propertyPath: m_LocalEulerAnglesHint.x
      value: 0
      objectReference: {fileID: 0}
    - target: {fileID: -4216859302048453862, guid: 934bcba17a5a07e468aee6d4b1e5e54b,
        type: 3}
      propertyPath: m_LocalEulerAnglesHint.y
      value: 0
      objectReference: {fileID: 0}
    - target: {fileID: -4216859302048453862, guid: 934bcba17a5a07e468aee6d4b1e5e54b,
        type: 3}
      propertyPath: m_LocalEulerAnglesHint.z
      value: 0
      objectReference: {fileID: 0}
    - target: {fileID: -6057140222963153312, guid: 934bcba17a5a07e468aee6d4b1e5e54b,
        type: 3}
      propertyPath: m_Controller
      value: 
      objectReference: {fileID: 9100000, guid: dcb153b61ce6d4d43a912acbe2ce8f83, type: 2}
    m_RemovedComponents: []
  m_SourcePrefab: {fileID: 100100000, guid: 934bcba17a5a07e468aee6d4b1e5e54b, type: 3}
--- !u!4 &5980393526717960353 stripped
Transform:
  m_CorrespondingSourceObject: {fileID: -4216859302048453862, guid: 934bcba17a5a07e468aee6d4b1e5e54b,
    type: 3}
  m_PrefabInstance: {fileID: 1694502400696023995}
  m_PrefabAsset: {fileID: 0}
--- !u!4 &562551358932504622 stripped
Transform:
  m_CorrespondingSourceObject: {fileID: -8049478935515386987, guid: 934bcba17a5a07e468aee6d4b1e5e54b,
    type: 3}
  m_PrefabInstance: {fileID: 1694502400696023995}
  m_PrefabAsset: {fileID: 0}
--- !u!1001 &2969915538690505966
PrefabInstance:
  m_ObjectHideFlags: 0
  serializedVersion: 2
  m_Modification:
    m_TransformParent: {fileID: 562551358932504622}
    m_Modifications:
    - target: {fileID: 1269020014204283510, guid: 3dcb5b489d0befe4ab8c2d3f9237a93d,
        type: 3}
      propertyPath: m_Name
      value: Particle System (1)
      objectReference: {fileID: 0}
    - target: {fileID: 1269020014204283507, guid: 3dcb5b489d0befe4ab8c2d3f9237a93d,
        type: 3}
      propertyPath: m_LocalPosition.x
      value: 0
      objectReference: {fileID: 0}
    - target: {fileID: 1269020014204283507, guid: 3dcb5b489d0befe4ab8c2d3f9237a93d,
        type: 3}
      propertyPath: m_LocalPosition.y
      value: -0.29
      objectReference: {fileID: 0}
    - target: {fileID: 1269020014204283507, guid: 3dcb5b489d0befe4ab8c2d3f9237a93d,
        type: 3}
      propertyPath: m_LocalPosition.z
      value: 1.03
      objectReference: {fileID: 0}
    - target: {fileID: 1269020014204283507, guid: 3dcb5b489d0befe4ab8c2d3f9237a93d,
        type: 3}
      propertyPath: m_LocalRotation.x
      value: 0.72701234
      objectReference: {fileID: 0}
    - target: {fileID: 1269020014204283507, guid: 3dcb5b489d0befe4ab8c2d3f9237a93d,
        type: 3}
      propertyPath: m_LocalRotation.y
      value: -0.000000029802315
      objectReference: {fileID: 0}
    - target: {fileID: 1269020014204283507, guid: 3dcb5b489d0befe4ab8c2d3f9237a93d,
        type: 3}
      propertyPath: m_LocalRotation.z
      value: -0
      objectReference: {fileID: 0}
    - target: {fileID: 1269020014204283507, guid: 3dcb5b489d0befe4ab8c2d3f9237a93d,
        type: 3}
      propertyPath: m_LocalRotation.w
      value: 0.68662435
      objectReference: {fileID: 0}
    - target: {fileID: 1269020014204283507, guid: 3dcb5b489d0befe4ab8c2d3f9237a93d,
        type: 3}
      propertyPath: m_RootOrder
      value: 0
      objectReference: {fileID: 0}
    - target: {fileID: 1269020014204283507, guid: 3dcb5b489d0befe4ab8c2d3f9237a93d,
        type: 3}
      propertyPath: m_LocalEulerAnglesHint.x
      value: 93.27301
      objectReference: {fileID: 0}
    - target: {fileID: 1269020014204283507, guid: 3dcb5b489d0befe4ab8c2d3f9237a93d,
        type: 3}
      propertyPath: m_LocalEulerAnglesHint.y
      value: -0.000015258789
      objectReference: {fileID: 0}
    - target: {fileID: 1269020014204283507, guid: 3dcb5b489d0befe4ab8c2d3f9237a93d,
        type: 3}
      propertyPath: m_LocalEulerAnglesHint.z
      value: -0.000015258789
      objectReference: {fileID: 0}
    - target: {fileID: 1269020014204283507, guid: 3dcb5b489d0befe4ab8c2d3f9237a93d,
        type: 3}
      propertyPath: m_LocalScale.x
      value: 1
      objectReference: {fileID: 0}
    - target: {fileID: 1269020014204283507, guid: 3dcb5b489d0befe4ab8c2d3f9237a93d,
        type: 3}
      propertyPath: m_LocalScale.y
      value: 1
      objectReference: {fileID: 0}
    - target: {fileID: 1269020014204283507, guid: 3dcb5b489d0befe4ab8c2d3f9237a93d,
        type: 3}
      propertyPath: m_LocalScale.z
      value: 1
      objectReference: {fileID: 0}
    m_RemovedComponents: []
  m_SourcePrefab: {fileID: 100100000, guid: 3dcb5b489d0befe4ab8c2d3f9237a93d, type: 3}
--- !u!198 &4083415249335522974 stripped
ParticleSystem:
  m_CorrespondingSourceObject: {fileID: 1269020014204283504, guid: 3dcb5b489d0befe4ab8c2d3f9237a93d,
    type: 3}
  m_PrefabInstance: {fileID: 2969915538690505966}
  m_PrefabAsset: {fileID: 0}
